@Book{CSG introduction,
  author    = {Christoph M.Hoffmann},
  title     = {{Geometric & Solid Modeling: an introduction}},
  year      = {1989},
  isbn      = {01-558-60067-1},
  pages     = {337},
  publisher = {Morgan Kaufmann publishers, Inc}
}
@article{astmamf,
  author    = {AMF work Group},
  title     = {{ASTM Additive Manufacturing File Format spécification}},
}
@article{hales2001honeycomb,
  title={The honeycomb conjecture},
  author={Hales, Thomas C},
  journal={Discrete \& Computational Geometry},
  volume={25},
  number={1},
  pages={1--22},
  year={2001},
  publisher={Springer}
}
@ONLINE{Doe:2015:Online,
author = {Doe, Ringo},
title = {Géométrie de construction de solides},
month = mai,
year = {2014},
url = {https://fr.wikipedia.org/wiki/G%C3%A9om%C3%A9trie_de_construction_de_solides}
}
@Book{latticesbook,
  author    = {Stanley N. Burris and H.P. Sankappanavar},
  title     = {{A Course in Universal Algebra}},
  year      = {1981},
  isbn      = { 978-0-9880552-0-9},
  pages     = {269},
  publisher = {University of Waterloo}
}
@article{articlebaseamf,
  title={STL 2.0: A PROPOSAL FOR A UNIVERSAL MULTI-MATERIAL ADDITIVE MANUFACTURING FILE FORMAT},
  author={Jonathan D. Hiller, Hod Lipson},
  journal={Mechanical and Aerospace Engineering
Cornell Universityy},
  pages={13},
  year={2009},
  publisher={Cornell University}
}
@misc{3Dslash,
  title = {3D Slash - a 3D piece of cake},
  howpublished = {\url{https://www.3dslash.net/index.php}},
  note = {online: 25-08-2015}
}
@misc{IceSl,
  title = {IceSL, A GPU accelerated modeler and slicer},
  howpublished = {\url{http://www.loria.fr/~slefebvr/icesl/}},
  note = {Online: 25-06-2015}
}
@misc{muparsersite,
  title = {muparser - A Fast Math Parser Library},
  howpublished = {\url{http://muparser.beltoforion.de/}},
  note = {Online: 25-06-2015}
}
@misc{amfwikispacessoft,
  title = {AMF Editor},
  howpublished = {http://amf.wikispaces.com/AMF+Editor}},
  note = {Online: 25-06-2015}
}